
@book{mclean1994condorcet,
  title={Condorcet: foundations of social choice and political theory},
  author={McLean, Iain and Hewitt, Fiona and others},
  year={1994},
  publisher={Edward Elgar Publishing}
}

@article{downs1957economic,
  title={An economic theory of democracy},
  author={Downs, Anthony and others},
  year={1957},
  publisher={New York}
}

@article{verba1993citizen,
  title={Citizen activity: Who participates? What do they say?},
  author={Verba, Sidney and Schlozman, Kay Lehman and Brady, Henry and Nie, Norman H},
  journal={American Political Science Review},
  volume={87},
  number={2},
  pages={303--318},
  year={1993},
  publisher={Cambridge University Press}
}

@article{riker1968theory,
  title={A Theory of the Calculus of Voting},
  author={Riker, William H and Ordeshook, Peter C},
  journal={American political science review},
  volume={62},
  number={1},
  pages={25--42},
  year={1968},
  publisher={Cambridge University Press}
}

@article{jones2000civic,
  title={Civic duty and expressive voting: Is virtue its own reward?},
  author={Jones, Philip and Hudson, John},
  journal={Kyklos},
  volume={53},
  number={1},
  pages={3--16},
  year={2000},
  publisher={Wiley Online Library}
}

@article{edlin2007voting,
  title={Voting as a rational choice: Why and how people vote to improve the well-being of others},
  author={Edlin, Aaron and Gelman, Andrew and Kaplan, Noah},
  journal={Rationality and society},
  volume={19},
  number={3},
  pages={293--314},
  year={2007},
  publisher={Sage Publications Sage UK: London, England}
}

@article{fiorina1976voting,
  title={The voting decision: instrumental and expressive aspects},
  author={Fiorina, Morris P},
  journal={The journal of politics},
  volume={38},
  number={2},
  pages={390--413},
  year={1976},
  publisher={Southern Political Science Association}
}

@article{kan2001expressive,
  title={On expressive voting: Evidence from the 1988 US presidential election},
  author={Kan, Kamhon and Yang, Cheng-Chen},
  journal={Public Choice},
  volume={108},
  number={3-4},
  pages={295--312},
  year={2001},
  publisher={Springer}
}
